
%% file bibstrings.bib
%% last updated YQ 2025-08-08
%% last updated LB 2025-05-24

%% non-ascii hyphen â€“
%% arXiv doi: 10.48550, like 10.48550/arxiv.2206.02741

sample arXiv primary:

@misc{Ramya20,
title={Recent Progress on Matrix Rigidity -- {A} Survey},
author={Ramya, C.},
eprint={2009.09460},
year={2020},
}

sample ECCC primary:

@ARTICLE{gopalan2014inequalities,
Author = {Gopalan, Parikshit and Yehudayoff, Amir},
Title = {Inequalities and tail bounds for elementary symmetric polynomials},
journal = eccc,
Year = {2014},
volume = {TR14-019},
eprint = {ecccprimary:TR14-019},
}

ECCC secondary:
eprint = {eccc:TR14-019},
expands to \href{https://eccc.weizmann.ac.il/report/2014/019/}{ECCC TR14-019}},
 
------------------

@preamble{"\newcommand{\prelim}{Preliminary version in\ }"}
@preamble{"\newcommand{\prelims}{Preliminary versions in\ }"}

@comment{ToC bibliography abbreviations}

@comment{General strings}

@string{dcs      = "Dept. Comp. Sci."}
@string{lncs     = "LNCS"}

@comment{Publishers}

@string{acm      = "ACM Press"}
@string{ieee     = "IEEE Comp. Soc."}
@string{siam     = "SIAM"}
@string{drops    = "Schloss Dagstuhl--Leibniz-Zentrum fuer Informatik"}
@string{ams      = "Amer. Math. Soc."}
@string{cup      = "Cambridge Univ. Press"}
@string{oup      = "Oxford Univ. Press"}
@string{princeton = "Princeton Univ. Press"}
@string{springer = "Springer"}
@comment{Grundlehren der Mathematischen Wissenschaften}
@string{gl  = "Grundlehren der Math. Wiss."}
@string{elsevier = "Elsevier"}
@string{ap = "Academic Press"}
@string{dover    = "Dover Publ."}
@comment{John Wiley \& Sons}
@comment{Wiley - Interscience}
@string{wiley    = "Wiley"}
@comment{International Association for Cryptological Research}
@string{iacr     = "IACR"}
@comment{Machine Learning Research}
@string{mlr = "MLR Press"}
@comment{Machine Learning}
@string{mlearn = "Machine Learning"}
@comment{Tsingua University}                  
@string{tsinghua = "Tsinghua U."}

@comment{Journal abbreviations}

@comment{Open-access online journals and archives}

@comment{Electronic Journal of Combinatorics}
@string{eljc="Electr. J. Combinat."}
@comment{Electronic Journal of Probability}
@string{ElJProb = "Electr. J. Probab."}
@comment{Electronic Communications in Probability}
@string{ElCommProb="Electr. Comm. Probability"}
@comment{Electronic Colloquium on Computational Complexity (ECCC)}
@string{eccc="Electron. Colloq. Comput. Complexity"}
@comment{Probability Surveys}
@string{ProbSurveys="Probability Surveys"}
@comment{Journal of Machine Learning Research}
@string{jmlr = "JMLR"}
@comment{Autonomous Agents and Multi-Agent Systems}
@string{autonomousmulti = "Autonomous Agents and Multi-Agent Systems"}
@comment{Cryptology ePrint Archive}
@string{CrytoArchive = "Cryptology ePrint Archive"}
@comment{Discrete Analysis}
@string{DiscrAnal = "Discrete Analysis"}
@comment{Basic Research in Computer Science Center},
@string{brics = "BRICS Report Ser."}

@comment{Computer Science}    %%%%%%%%%%%%

@comment{Journal of the ACM}
@string{jacm="J. ACM"}
@comment{SIAM Journal on Computing}
@string{sicomp="SIAM J. Comput."}
@comment{Journal of Computer and System Sciences}
@string{jcss="J. Comput. System Sci."}
@comment{Theoretical Computer Science}
@string{tcs   = "Theoret. Comput. Sci."}
@comment{Theory of Computing}
@string{toc  = "Theory of Computing"}
@comment{Theory of Computing Library}
@string{toclib = "Theory of Computing Library"}
@comment{TheoretiCS}
@string{TheoretiCS   = "TheoretiCS"}
@string{theocs   = "TheoretiCS"}
@comment{ACM Transactions on Computation Theory}
@string{toct= "ACM Trans. Comput. Theory"}
@comment{Chicago Journal of Theoretical Computer Science}
@string{cjtcs= "Chicago J. Theoret. Comp. Sci."}
@comment{Electronic Notes on Theoretical Computer Science}
@string{enotestcs= "Electr. Notes Theoret. Comp. Sci."}
@comment{Computational Complexity}
@string{ccomplex = "Comput. Complexity"}
@comment{Journal of Complexity}
@string{jcomplexity = "J. Complexity"}
@comment{Journal of Algorithms}
@string{JAlgorithms= "J. Algorithms"}
@comment{ACM Transactions on Algorithms}
@string{talg  = "ACM Trans. Algorithms"}
@comment{Algorithmica}
@string{Algorithmica="Algorithmica"}
@comment{Journal of Discrete Algorithms}
@string{JDiscrAlgorithms= "J. Discr. Algor."}
@comment{Current Trends in Theoretical Computer Science ****}
@string{CurrTrendsTCS = "Current Trends Theor. Comp. Sci."}
@comment{Foundations and Trends in Theoretical Computer Science ****}
@string{FoundTrendsTCS = "Found. Trends Theor. Comp. Sci."}
@comment{Foundations and Trends in Machine Learning ****}
@string{FoundTrendsML = "Found. Trends Mach. Learning"}
@comment{Foundations and Trends in Optimization}
@string{FoundTrendsOpt = "Found. Trends Optimization"}
@comment{Computational Geometry}
@string{compgeo= "Comput. Geom."}
@comment{Internat. Journal of Computational Geometry Applications}
@string{compgeoappl= "Internat. J. Comput. Geom. Appl."}
@comment{Information Processing Letters}
@string{ipl = "Inform. Process. Lett."}
@comment{Information and Control}
@string{InfoControl = "Inform. Control"}
@comment{Information and Computation}
@string{InfoComput = "Inform. Comput."}
@comment{Journal of Symbolic Computation}
@string{JSymbComput = "J. Symbolic Comput."}
@string{JSymbolicComput="J. Symbolic Comput."}
@comment{ACM Transactions on Computational Logic}
@string{TransComputLogic="ACM Trans. Comput. Logic"}
@comment{ACM Transactions on Programming Languages and Systems (TOPLAS)}
@string{toplas = "ACM Trans. Prog. Lang. Sys."}
@comment{Communications of the ACM}
@string{cacm = "Comm. ACM"}
@comment{Advances in Computing Research}
@string{AdvComputRes = "Adv. Comput. Res."}
@comment{Advances in Computers}
@string{AdvComputers = "Adv. in Computers"}
@comment{IEEE Transactions on Computers}
@string{ieeeTransComputers = "IEEE Trans. Computers"}
@comment{IEEE Transactions on Knowledge and Data Engineering}
@string{ieeeTransKnowledge = "IEEE Trans. Knowledge Data Engr."}
@comment{IEEE Annals of the History of Computing}
@string{MAHC = "IEEE Annals of the History of Computing"}
@comment{Cryptography and Communications}
@string{CryptoComm = "Cryptography and Communications"}
@comment{Theory of Computing Systems}
@string{ThyCompSys="Theory Computing Sys."}
@comment{SIGDA Newsletter}
@string{sigdanews= "SIGDA Newsl."}
@comment{Networks}
@string{networks ="Networks"}
@comment{IBM Journal of Research and Development}
@string{IBMjournal = "IBM J. Res. Dev."}
@comment{ACM Transactions on Pattern Analysis and Machine Intelligence}
@string{ACMpattern = "ACM Trans. Pattern Anal. Machine Intell."}
@comment{IRE Transactions on Circuit Theory}
@string{IREtct = "IRE Trans. Circuit Theory"}
@comment{IEEE Transactions on Circuit Theory}
@string{IEEEtct = "IRE Trans. Circuit Theory"}
@comment{Computer Science Review}
@string{cosrev = "Computer Sci. Review"}
@comment{Applicable Algebra in Engineering, Communication and Computing},
@string{aaecc = "Applicable Algebra Eng. Commun. Comput."}
@comment{SIGACT News}
@string{sigactnews= "SIGACT News"}
@comment{Bulletin of the EATCS}
@string{bullEATCS = "Bull. EATCS"}
@comment{Mathematical Systems Theory}
@string{MathSysThy = "Math. Sys. Theory"}
@comment{Journal of Research of the National Bureau of Standards (B)}
@string{NatBureauStandards = "J. Res. Nat. Bureau of Standards (B)"}

@comment{Combinatorics}

@comment{Combinatorica}
@string{cca    = "Combinatorica"}
@comment{Journal of Combinatorial Theory. Series A}
@string{jcta   = "J. Combin. Theory--A"}                  
@comment{Journal of Combinatorial Theory. Series B}
@string{jctb   = "J. Combin. Theory--B"} 
@comment{Probability Theory and Related Fields}
@string{ProbRelat="Probab. Theory Relat. Fields"}
@comment{Combinatorics, Probability and Computing}
@string{CombProbComp="Combin. Probab. Comput."}
@comment{Random Structures & Algorithms}
@string{rsa="Random Struct. Algor."}
@comment{European Journal of Combinatorics}
@string{eurjcomb = "Europ. J. Combinat."}
@comment{Journal of Algebraic Combinatorics}
@string{jaco = "J. Algebraic Combinatorics"}
@comment{Discrete Mathematics}
@string{discrmath="Discr. Math."}
@comment{Annals of Discrete Mathematics}
@string{AnnDiscrMath="Ann. Discr. Math."}
@comment{Annals of Combinatorics}
@string{AnnComb="Annals of Combinatorics"}
@comment{SIAM Journal on Discrete Mathematics}
@string{sidma = "SIAM J. Discr. Math."}
@comment{SIAM Journal on Algebraic and Discrete Methods}
@string{sialgdiscr = "SIAM J. Algebr. Discr. Methods"}
@comment{Discrete Applied Mathematics}
@string{DiscrAppMath="Discr. Appl. Math."}  
@string{discrappmath="Discr. Appl. Math."}
@comment{Discrete & Computational Geometry}
@string{DiscrComputGeom="Discr. Comput. Geom."}
@comment{Journal of Computational Geometry}
@string{JCompGeom="J. Comput. Geom."}
@comment{Foundations of Computational Mathematics},
@string{FoundComputMath = "Found. Computational Math."}
@comment{Discrete Optimization}
@string{DiscrOpt="Discr. Optimization"}
                  

@comment{Pure Mathematics}    %%%%%%%%%%%%%%

@comment{Annals of Mathematics}
@string{AnnMath="Ann. Math."}
@string{annals ="Ann. Math."}
@comment{Inventiones Mathematicae}
@string{inventiones = "Inventiones Math."}
@comment{Advances in Mathematics}
@string{AdvMath="Adv. Math."}
@comment{Journal of the American Mathematical Society}
@string{jams  = "J. AMS"} 
@comment{Proceedings of the American Mathematical Society}
@string{pams = "Proc. AMS"}
@comment{Transactions of the American Mathematical Society}
@string{tams     = "Trans. AMS"}
@comment{Bulletin of the AMS}
@string{BullAMS = "Bull. AMS"} 
@comment{Memoires of the American Mathematical Society}
@string{MemAMS = "Mem. AMS"} 
@comment{Electronic Research Announcements of the AMS}
@string{ElResAnnouncAMS = "Electr. Res. Announcements AMS"}
@comment{American Mathematical Monthly}
@string{monthly = "Amer. Math. Monthly"}
@comment{Comptes Rendus Math\'ematique de l'Acad\'emie des Sciences Paris}
@string{ComptesRendus = "C. R. Math. Acad. Sci. Paris"}
@comment{Annales de l'Institut Fourier}
@string{fourier = "Ann. Inst. Fourier"}
@comment{American Journal of Mathematics}
@string{AmerJMath="Amer. J. Math."}
@comment{Doklady Akademii Nauk SSSR, N.S.}
@string{doklady  = "Dokl. Akad. Nauk SSSR (Russian)"}
@comment{Doklady Mathematics (English)}
@string{doklmath  = "Doklady Math."}
@comment{Doklady Mathematics (English)}
@string{sovietdokl  = "Soviet Math. Doklady"}
@comment{Izvestiya Russkoy Akademii Nauk}
@string{izvestiya = "Izvestiya Russ. Akad. Sci. Ser. Math. (Russian)"}
@comment{Izvestiya Math. (English)}
@string{izvmath = "Izvestiya Math."}
@comment{Mathematical Notes of the Academy of Science of the USSR}
@string{mathnotes = "Math. Notes. Acad. Sci. USSR (English translation)"}
@comment{Trudy Matematicheskogo Instituta im. Steklova}
@string{trudy = "Trudy Mat. Inst. Steklova"}
@comment{Proceedings of the Steklov Institute of Mathematics}
@string{steklov = "Proc. Steklov Inst. Math."}
@comment{Sbornik: Mathematics}
@string{sbornik = "Sbornik Math."}
@comment{Proceedings of the London Mathematical Society}
@string{plms = "Proc. London Math. Soc."}
@comment{Bulletin of the London Mathematical Society}
@string{blms = "Bull. London Math. Soc."}
@comment{Journal of the London Mathematical Society}
@string{jlms = "J. London Math. Soc."}
@comment{Proceedings of the Royal Society A: Math, Physical and Engr Sciences}
@string{ProcRoySocA = "Proc. Royal Soc. A"}
@comment{Proceedings of the Royal Society of Edinburgh, Section: A Mathematics}
@string{ProcEdinburgh = "Proc. Royal Soc. Edinburgh, Sec. A"}
@comment{Mathematika - Cambridge Univ Press}
@string{mathematika= "Mathematika"}
@comment{Journal f\"ur die reine und angewandte Mathematik (Crelle's J.)}
@string{reine = "J. reine angew. Math."}
@comment{Mathematical Proceedings of the Cambridge Philosophical Society}
@string{MathProcCambr = "Math. Proc. Cambridge Phil. Soc."}
@comment{Pacific Journal of Mathematics}
@string{PacificJMath = "Pacific J. Math"}
@comment{Israel Journal of Mathematics}
@string{IsraelJMath="Israel J. Math."}
@comment{Canadian Journal of Mathematics}
@string{CanadJMath="Canad. J. Math."}
@comment{Mathematica Scandinavica}
@string{MathScand = "Math. Scand."}
@comment{Bull. de la Soc. Math. de France}
@string{BullSocMathFr = "Bull. de la Soc. Math. de France"}
@comment{Journal de MathÃ©matiques Pures et AppliquÃ©es}
@string{JMathPuresAppliq= "J. Math. Pures AppliquÃ©es"}
@comment{L'Enseignement Math\'ematique ******}
@string{EnsMath = "Enseign. Math."}
@comment{Mathematische Annalen}
@string{MathAnnalen = "Mathematische Annalen"}
@comment{Mathematische Zeitschrift}
@string{MathZeit = "Mathematische Zeitschrift"}
@comment{Acta Mathematica Sinica, English Series}
@string{mathSinica = "Acta Math. Sinica, English Ser."}
@comment{Commentarii Mathematici Helvetici}
@string{CommMathHelv = "Comment. Math. Helvetici"}
@comment{Monatshefte f\"ur Mathematik}
@string{MonatshMath = "Monatsh. Math."}
@comment{Czechoslovak Mathematical Journal}
@string{CzechMathJ = "Czechoslovak Math. J."}
@comment{Colloquium Mathematicum}
@string{ColloqMath = "Colloq. Math."}
@comment{Compositio Mathematica}
@string{CompositioMath = "Compositio Math."}
@comment{Annali di Matematica Pura ed Applicata}
@string{AnnMatPuraAppl = "Ann. Mat. Pura Applicata"}
@comment{Mathematical Research Letters}
@string{MathResLett = "Math. Res. Lett."}
@comment{Annals of Probability}
@string{AnnProbab="Ann. Probab."}
@comment{Geometric and Functional Analysis}
@string{gafa = "Geom. Funct. Anal. (GAFA)"}
@comment{Journal of Functional Analysis}
@string{jfa = "J. Functional Anal."}
@comment{Journal of Symbolic Logic}
@string{jsl = "J. Symbolic Logic"}
@comment{Annals of Pure and Applied Logic}
@string{AnnPureApplLogic = "Ann. Pure Appl. Logic"}
@comment{Fundamenta Mathematicae}
@string{fundamenta = "Fundamenta Mathematicae"}
@comment{Journal of Algebra}
@string{jalgebra = "J. Algebra"}
@comment{Journal of Algebraic Geometry}
@string{jalgeom = "J. Algebraic Geom."}
@comment{Algebra and Logic}
@string{AlgebraLogic = "Algebra and Logic"}
@comment{Linear Algebra and Applications}
@string{LiAlgAppl = "Lin. Alg. Appl."}
@string{LinAlgAppl = "Lin. Alg. Appl."}
@comment{Differential Geometry and Applications}
@string{DiffGeomAppl = "Diff. Geom. Appl"}
@comment{Acta Arithmetica}
@string{ActaArithm = "Acta Arithmetica"}
@comment{International Journal of Number Theory}
@string{IntJNumThy = "Int. J. Number Theory"}
@comment{Acta Informatica}
@string{ActaInf = "Acta Informatica"}
@comment{Acta Mathematica}
@string{ActaMath = "Acta Math."}
@comment{Arkiv fÃ¶r Matematik}
@string{arkivmat = "Arkiv fÃ¶r Mat."}
@comment{Mathematics Magazine}
@string{mathmagazine = "Math. Magazine"}
@comment{Duke Mathematical Journal}
@string{duke = "Duke Math. J."}
@comment{The Rocky Mountain Journal of Mathematics},
@string{rocky = "Rocky Mountain J. Math."}
@comment{Semigroup Forum}
@string{SemigroupForum = "Semigroup Forum"}

@comment{Proceedings of the National Academy of Sciences of the USA}
@string{pnas = "Proc. Nat. Acad. Sci. USA"}
@comment{International Journal of Mathematics}
@string{InternatJMath = "Internat. J. Mathematics"}
@comment{International Mathematics Research Notices}
@string{InternatMathRes = "Internat. Math. Research Notices"}
@comment{Asterisque}
@string{asterisque = "Ast\'erisque"}

@comment{Economics}    %%%%%%%%%%%%%%%%%%

@comment{Econometrica. Journal of the Econometric Society}
@string{econometrica="Econometrica"}
@comment{International Journal of Game Theory}
@string{gametheory="Internat. J. Game Theory"}
@comment{ACM Transactions on Economics and Computation}
@string{transEC="ACM Trans. Econ. Comput."}
@comment{SIGecom Exchanges}
@string{SIGecomEx="SIGecom Exchanges"}
@comment{American Economic Review}
@string{AmerEconRev="Amer. Econ. Review"}


@comment{Applied Mathematics, Statistics}    %%%%%%%%%%%%%%%%%%

@comment{Mathematics of Computation}                  
@string{MathComp = "Math. Comput."}
@comment{Bell System Technical Journal}
@string{BellSysTechJ = "Bell Sys. Tech. J."}
@comment{Annals of Applied Probability}
@string{AnnApplProb = "Ann. Appl. Probab."}
@comment{Annals of Mathematical Statistics}
@string{AnnMathStat="Ann. Math. Stat."}
@comment{The American Statistician}
@string{AmericanStatistician="The American Statistician"}
@comment{J Royal Statistical Society: Series B (Stat Methodology)}
@string{JRoyalStatSocB="J. Royal Statistical Soc. Ser. B"}
@comment{Journal of the American Statistical Association}
@string{JAmerStatAssoc="J. Amer. Statistical Assoc."}
@comment = {Scandinavian Actuarial Journal}
@string{ScandinActuarialJ="Scandinavian Actuarial J."}
@comment{Stochastic Processes and their Applications}
@string{StochProcAppl="Stoch. Proc. Appl."}
@comment{Mathematics of Operations Research}
@string{MathOperRes = "Math. Oper. Res."}
@comment{European Journal of Operational Research}
@string{EurOperRes = "Eur. J. Operational Res."}
@comment{Operations Research Letters}
@string{ORlett = "Oper. Res. Lett."}
@comment{Mathematical Programming}
@string{MathProg = "Math. Programming"}
@comment{Biometrika}
@string{Biometrika = "Biometrika"}
@comment{IEEE Transactions on Information Theory}
@string{tit="IEEE Trans. Inform. Theory"}
@comment{Problemy Peredachi Informatsii}
@string{ProblemyPeredachiInformatsii = "Problemy Peredachi Informatsii"}
@comment{Problems of Information Transmission}
@string{ProblInfoTrans = "Probl. Info. Transmission"}
@comment{INFORMS: Journal on Applied Analytics (Inst. for OR and the Management Sciences)}
@string{informs = "INFORMS"}
@comment{Advances in Applied Mathematics}
@string{AdvApplMath= "Adv. Appl. Math."}                  
@comment{Communications in Mathematical Physics}
@string{CommMathPhys= "Comm. Math. Phys."}
@comment{Journal of Statistical Mechanics: Theory and Experiment}
@string{JStatMechThyExper= "J. Stat. Mech.: Theory and Experiment"}
@comment{Journal of Mathematical Physics}
@string{JMathPhys= "J. Math. Phys."}
@comment{SIAM Journal on Applied Dynamical Systems}
@string{SIAMJApplDynSyst="SIAM J. Appl. Dyn. Syst."}
@comment{SIAM Journal on Applied Mathematics}
@string{SIAMJApplMath="SIAM J. Appl. Math."}
@comment{SIAM Journal on Control and Optimization}
@string{SIAMJControlOptim="SIAM J. Control Optim."}
@comment{SIAM Journal on Mathematical Analysis}
@string{SIAMJMathAnal="SIAM J. Math. Anal."}
@comment{SIAM Journal on Matrix Analysis and Applications}
@string{SIAMJMatrixAnalAppl="SIAM J. Matrix Anal. Appl."}
@comment{SIAM Journal on Numerical Analysis}
@string{SIAMJNumerAnal="SIAM J. Numer. Anal."}
@comment{SIAM Journal on Optimization}
@string{SIAMJOptim="SIAM J. Optim."}
@comment{SIAM Journal on Scientific Computing}
@string{SIAMJSciComput="SIAM J. Sci. Comput."}
@comment{SIAM Monographs on Discrete Mathematics and Applications}
@string{SIAMMonogrDiscreteMathAppl="SIAM Monogr. Discrete Math. Appl."}
@comment{SIAM Review}
@string{SIAMRev="SIAM Rev."}
@comment{Journal of the Soc. Industr. Appl. Math.}
@string{SIAMjournal ="J. SIAM"}
@comment{Numerische Mathematik}
@string{NumerMath = "Numerische Mathematik"}
@comment{Bulletin of Mathematical Biology}
@string{BullMathBio = "Bull. Math. Biology"}
@comment{Journal of Computational Biology}
@string{compbio = "J. Comput. Biology"}
@comment{Journal of Combinatorial Optimization}                  
@string{JCombOpt = "J. Combinat. Optim."}
@comment{Computational Mathematics and Mathematical Physics}
@string{CompMathPhys = "Comput. Math. and Math. Physics"}
@comment{Journal of Statistical Planning and Inference}
@string{JStatPlanningInference = "J. Stat. Planning and Inference"}
@comment{Journal of Mathematical Psychology}
@string{JMathPsych = "J. Mathematical Psychology"}

@comment{Physics, Quantum}    %%%%%%%%%%%%%%%%

@comment{Nature}
@string{nature = "Nature"}
@comment{Journal of Mathematical Physics}
@string{JMathPhys= "J. Math. Phys."}
@comment{Letters in Mathematical Physics}
@string{LettMathPhys = "Lett. Math. Phys."}
@comment{Quantum Information & Computation}
@string{qic ="Quantum Inf. Comput."}
@comment{npj Quantum Information}
@string{npjqi ="npj Quantum Information"}
@comment{Quantum Information Processing}
@string{qiproc ="Quantum Info. Processing"}
@comment{Quantum}
@string{quantum ="Quantum"}
@comment{Physical Review A}
@string{PhysRevA = "Phys. Rev. A"}
@comment{Physical Review B}
@string{PhysRevB = "Phys. Rev. B"}
@comment{Physical Review A, Third Series}
@string{PhysRevA3 = "Phys. Rev. A (3)"}
@comment{Physical Review Letters}
@string{physrevlett = "Phys. Rev. Lett."}
@comment{Reviews of Modern Physics}
@string{RevModernPhysics="Rev. Modern Physics"}
@comment{Journal of Physics A: Mathematical and Theoretical}
@string{JPhysA = "J. Phys. A: Math. Theoret."}
@comment{Physics Letters A}
@string{PhysLettA = "Phys. Lett. A"}
@comment{Reports on Progress in Physics}
@string{RepProgrPhys = "Rep. Progr. Physics"}
@comment{New Journal of Physics}
@string{newjPhys = "New J. Physics"}
@comment{Physics Physique Fizika}
@string{PhysPhysFiz = "Physics Physique Fizika"}
@comment{Journal of Mathematics and Mechanics}
@string{JMathMech = "J. Math. Mech."}

