@article{Tarjan75,
	author       = {Robert Endre Tarjan},
	title        = {Efficiency of a Good But Not Linear Set Union Algorithm},
	journal      = {J. {ACM}},
	volume       = {22},
	number       = {2},
	pages        = {215--225},
	year         = {1975},
	url          = {https://doi.org/10.1145/321879.321884},
	doi          = {10.1145/321879.321884},
	timestamp    = {Wed, 14 Nov 2018 10:35:24 +0100},
	biburl       = {https://dblp.org/rec/journals/jacm/Tarjan75.bib},
	bibsource    = {dblp computer science bibliography, https://dblp.org}
}