%% Theory of Computing
%% File: v021a2032.bib
%% Publication date: November 15, 2025
%% Authors: Alexander S. Kulikov, Ivan Mikhailin, Andrey Mokhov, and Vladimir V. Podolskii

%% ToC#2032

%% version kuli28.bib
%% last updated LB YQ 2025-09-11

%% version kuli27.bib
%% last updated IH, YQ 2025-09-11

%% version kuli26.bib
%% last updated YQ, LB 2025-09-09

%% version kuli19.bib
%% last updated YQ 2025-08-30

%% version kuli18.bib
%% last updated LB 2025-08-22
%% ToC#2032

@comment{LB modified institution name}
@comment{YQ added institution, number}
@comment{record 1}
@TECHREPORT{Alon87optimalpreprocessing,
author = {Noga Alon and Baruch Schieber},
title = {Optimal preprocessing for answering on-line product queries},
institution = {Inst. Computer Science, Tel Aviv University},
number={71/87},
year = {1987},
eprint={2406.06321},
}

@comment{YQ added doi}
@comment{record 2}
@inproceedings{DBLP:conf/latin/BenderF00,
author    = {Michael A. Bender and Martin Farach{-}Colton},
title     = {The {LCA} Problem Revisited},
crossref = {platin00},
pages     = {88--94},
doi={10.1007/10719839\_9},
}

@comment{record 3}
@article{DBLP:journals/jal/BenderFPSS05,
author    = {Michael A. Bender and Martin Farach{-}Colton and
Giridhar Pemmasani and Steven Skiena and Pavel Sumazin},
title     = {Lowest common ancestors in trees and directed acyclic graphs},
journal   = JAlgorithms,
volume    = {57},
number    = {2},
pages     = {75--94},
year      = {2005},
doi       = {10.1016/j.jalgor.2005.08.001},
}

@comment{record 4}
@article{DBLP:journals/siamcomp/BerkmanV93,
author    = {Omer Berkman and Uzi Vishkin},
title     = {Recursive Star-Tree Parallel Data Structure},
journal   = sicomp,
volume    = {22},
number    = {2},
pages     = {221--242},
year      = {1993},
doi       = {10.1137/0222017},
}

@comment{YQ added doi}
@comment{record 5}
@book{butkovic10systems,
author    = {Peter Butkovi\v{c}},
title     = {Max-linear Systems: Theory and Algorithms},
publisher   = springer,
year      = {2010},
doi={10.1007/978-1-84996-299-5},
}

@comment{record 6}
@article{DBLP:journals/ijcga/ChazelleR91,
author    = {Bernard Chazelle and Burton Rosenberg},
title     = {The complexity of computing partial sums off-line},
journal   = compgeoappl,
volume    = {1},
number    = {1},
pages     = {33--45},
year      = {1991},
doi       = {10.1142/S0218195991000049},
}

@comment{YQ new journal **}
@comment{record 7}
@article{DBLP:journals/spe/Fenwick94,
author    = {Peter M. Fenwick},
title     = {A New Data Structure for Cumulative Frequency Tables},
journal   = {Softw., Pract. Exper.},
volume    = {24},
number    = {3},
pages     = {327--336},
year      = {1994},
doi       = {10.1002/spe.4380240306},
}

@comment{YQ new conf **: Combinatorial Pattern Matching, 17th Annual Symposium, CPM 2006, Barcelona, Spain, July 5-7, 2006, Proceedings}
@comment{record 8}
@inproceedings{DBLP:conf/cpm/FischerH06,
author    = {Johannes Fischer and Volker Heun},
title     = {Theoretical and Practical Improvements on the {RMQ}-Problem, with Applications to {LCA} and {LCE}},
booktitle = {Proc. Annual Symp. on Combinatorial Pattern Matching (CPM'06)},
pages     = {36--48},
publisher = springer,
year      = {2006},
doi       = {10.1007/11780441\_5},
}

@comment{YQ new conf **: 12th Annual Symposium on Switching and Automata Theory, East Lansing,
Michigan, USA, October 13-15, 1971}
@comment{record 9}
@inproceedings{DBLP:conf/focs/FischerM71,
author    = {Michael J. Fischer and Albert R. Meyer},
title     = {Boolean Matrix Multiplication and Transitive Closure},
booktitle = {Proc. 12th Annual Symp. on Switching and Automata Theory (SWAT'71)},
pages     = {129--131},
publisher = ieee,
year      = {1971},
doi       = {10.1109/SWAT.1971.4},
}

@comment{record 10}
@inproceedings{DBLP:conf/issac/Gall14a,
author    = {Fran{\c{c}}ois Le Gall},
title     = {Powers of tensors and fast matrix multiplication},
crossref  = {pissac14},
pages     = {296--303},
doi       = {10.1145/2608628.2608664},
}

@comment{record 11}
@comment{first names missing**}
@comment{YQ added first names}
@article{GreenR52,
author={Green, James A. and Rees, David},
title={On semi-groups in which $x^r = x$},
volume={48}, 
number={1},
journal=MathProcCambr,
year={1952},
pages={35--40},
DOI={10.1017/S0305004100027341},
}

@comment{record 12}
@article{GrigorievP15,
author    = {Dima Grigoriev and Vladimir V. Podolskii},
title     = {Complexity of Tropical and Min-plus Linear Prevarieties},
journal   = ccomplex,
volume    = {24},
number    = {1},
pages     = {31--64},
year      = {2015},
doi       = {10.1007/s00037-013-0077-5},
}

@comment{LB capitalized title}
@comment{YQ added doi for a reprint version}
@comment{record 13}
@book{1969_graph_theory_harary,
AUTHOR = {Harary, Frank},
TITLE = {Graph Theory},
PUBLISHER = {Addison-Wesley},
YEAR = {1969},
doi={10.1201/9780429493768},
}

@comment{record 14}
@article{Itai_Rodeh_siam,
author = {Itai, Alon and Rodeh, Michael},
title = {Finding a Minimum Circuit in a Graph},
journal = sicomp,
volume = {7},
number = {4},
pages = {413--423},
year = {1978},
doi = {10.1137/0207033},
}

@comment{record 15}
@book{DBLP:books/daglib/0028687,
author    = {Stasys Jukna},
title     = {Boolean Function Complexity - Advances and Frontiers},
series    = {Algorithms and Combinatorics},
volume    = {27},
publisher = springer,
year      = {2012},
doi       = {10.1007/978-3-642-24508-4},
}

@comment{LB capitalized Sidon}
@comment{record 16}
@article{Jukna16,
author    = {Stasys Jukna},
title     = {Tropical Complexity, {Sidon} Sets, and Dynamic Programming},
journal   = sidma,
volume    = {30},
number    = {4},
pages     = {2064--2085},
year      = {2016},
doi       = {10.1137/16M1064738},
}

@comment{IH added link to ACM DL}
@comment{LB capitalized title}
@comment{record 17}
@book{DBLP:books/lib/Knuth98,
author    = {Donald Ervin Knuth},
title     = {The Art of Computer Programming, Volume {II:} Seminumerical Algorithms,
3rd Edition},
publisher = {Addison-Wesley},
year      = {1997},
note       = {Available via \href{https://dl.acm.org/doi/10.5555/270146}{ACM DL}},
biburl    = {https://dblp.org/rec/bib/books/lib/Knuth98},
}

@comment{YQ added pages}
@comment{record 18}
@inproceedings{conf-version,
title={Complexity of Linear Operators},
author={Kulikov, Alexander S. and Mikhailin, Ivan and Mokhov, Andrey and Podolskii, Vladimir},
crossref = {pisaac19},
pages={17:1--12},
}

@comment{IH added doi}
@comment{YQ new conf **: Proceedings of the 10th ACM SIGPLAN International Symposium on Haskell}
@comment{record 19}
@inproceedings{mokhov2017algebraic,
title={Algebraic graphs with class (functional pearl)},
author={Mokhov, Andrey},
booktitle={Proc. 10th ACM SIGPLAN International Symp. on Haskell (Haskell'17)},
pages={2--13},
year={2017},
doi={10.1145/3122955.312295},
}

@comment{record 20}
@comment{LB added first name}
@comment{LB removed series series={Ergebnisse der Mathematik und ihrer Grenzgebiete. 2. Folge},}
@comment{YQ modified year}
@comment{YQ replaced url (https://books.google.ru/books?id=VaMjCQAAQBAJ) with doi}
@book{neumann2012varieties,
title={Varieties of Groups},
author={Neumann, Hanna},
year={1967},
publisher= springer,
doi={10.1007/978-3-642-88599-0},
}

@comment{YQ grouped the last name, so it starts with V rather than W}
@comment{record 21}
@comment{old record 22}
@inproceedings{DBLP:conf/stoc/Williams12,
author    = {Virginia {Vassilevska Williams}},
title     = {Multiplying matrices faster than {C}oppersmith--{W}inograd},
crossref  = {pstoc12},
pages     = {887--898},
doi       = {10.1145/2213977.2214056},
}

@comment{YQ changed to a FOCS'10 paper (authors confirmed)}
@comment{record 22}
@comment{old record 23}
@article{Williams2009TriangleDV,
	author       = {Virginia {Vassilevska Williams} and R. Ryan Williams},
	title        = {Subcubic Equivalences Between Path, Matrix, and Triangle Problems},
	journal      = jacm,
	volume       = {65},
	number       = {5},
	pages        = {27:1--38},
	year         = {2018},
	doi          = {10.1145/3186893},
	note={\prelim \href{https://doi.org/10.1109/FOCS.2010.67}{FOCS'10}},
}

@comment{IH upgraded to journal version}
@comment{record 23}
@comment{old record 21}
@article{Williams14,
author    = {R. Ryan Williams},
title     = {Faster all-pairs shortest paths via circuit complexity},
journal=sicomp,
year = {2018},
volume={47},
number={5},
pages={1965--1985},
doi={10.1137/15M1024524},
note={\prelim \href{https://doi.org/10.1145/2591796.2591811}{STOC'14}},
}

@comment{old record 21a}
@inproceedings{Williams14-orig,
author    = {Ryan Williams},
title     = {Faster all-pairs shortest paths via circuit complexity},
crossref  = {pstoc14},
pages     = {664--673},
doi       = {10.1145/2591796.2591811},
}

@comment{record 24}
@inproceedings{DBLP:conf/stoc/Yao82,
author    = {Andrew Chi{-}Chih Yao},
title     = {Space-Time Tradeoff for Answering Range Queries (Extended Abstract)},
crossref  = {pstoc82},                  
pages     = {128--136},
doi       = {10.1145/800070.802185},
}
