@inproceedings{isaac-2019-version,
  title={Complexity of Linear Operators},
  author={Kulikov, Alexander S and Mikhailin, Ivan and Mokhov, Andrey and Podolskii, Vladimir},
  booktitle={30th International Symposium on Algorithms and Computation (ISAAC 2019)},
  year={2019}
}

@book{DBLP:books/lib/Knuth98,
  author    = {Donald Ervin Knuth},
  title     = {The art of computer programming, Volume {II:} Seminumerical Algorithms,
               3rd Edition},
  publisher = {Addison-Wesley},
  year      = {1998},
  url       = {http://www.worldcat.org/oclc/312898417},
  isbn      = {0201896842},
  timestamp = {Wed, 03 May 2017 18:39:06 +0200},
  biburl    = {https://dblp.org/rec/bib/books/lib/Knuth98},
  bibsource = {dblp computer science bibliography, https://dblp.org}
}

@book{neumann2012varieties,
  title={Varieties of Groups},
  author={Neumann, H.},
  isbn={9783642885990},
  lccn={67015607},
  series={Ergebnisse der Mathematik und ihrer Grenzgebiete. 2. Folge},
  url={https://books.google.ru/books?id=VaMjCQAAQBAJ},
  year={2012},
  publisher={Springer Berlin Heidelberg}
}

@inproceedings{DBLP:conf/stoc/Williams12,
  author    = {Virginia Vassilevska Williams},
  title     = {Multiplying matrices faster than {C}oppersmith--{W}inograd},
  booktitle = {Proceedings of the 44th Symposium on Theory of Computing Conference,
               {STOC} 2012, New York, NY, USA, May 19 - 22, 2012},
  pages     = {887--898},
  year      = {2012},
  crossref  = {DBLP:conf/stoc/2012},
  url       = {https://doi.org/10.1145/2213977.2214056},
  doi       = {10.1145/2213977.2214056},
  timestamp = {Tue, 06 Nov 2018 11:07:05 +0100},
  biburl    = {https://dblp.org/rec/bib/conf/stoc/Williams12},
  bibsource = {dblp computer science bibliography, https://dblp.org}
}
@proceedings{DBLP:conf/stoc/2012,
  editor    = {Howard J. Karloff and
               Toniann Pitassi},
  title     = {Proceedings of the 44th Symposium on Theory of Computing Conference,
               {STOC} 2012, New York, NY, USA, May 19 - 22, 2012},
  publisher = {{ACM}},
  year      = {2012},
  url       = {http://dl.acm.org/citation.cfm?id=2213977},
  isbn      = {978-1-4503-1245-5},
  timestamp = {Tue, 22 May 2012 21:36:43 +0200},
  biburl    = {https://dblp.org/rec/bib/conf/stoc/2012},
  bibsource = {dblp computer science bibliography, https://dblp.org}
}

@inproceedings{DBLP:conf/issac/Gall14a,
  author    = {Fran{\c{c}}ois Le Gall},
  title     = {Powers of tensors and fast matrix multiplication},
  booktitle = {International Symposium on Symbolic and Algebraic Computation, {ISSAC}
               '14, Kobe, Japan, July 23-25, 2014},
  pages     = {296--303},
  year      = {2014},
  crossref  = {DBLP:conf/issac/2014},
  url       = {https://doi.org/10.1145/2608628.2608664},
  doi       = {10.1145/2608628.2608664},
  timestamp = {Tue, 06 Nov 2018 16:57:05 +0100},
  biburl    = {https://dblp.org/rec/bib/conf/issac/Gall14a},
  bibsource = {dblp computer science bibliography, https://dblp.org}
}
@proceedings{DBLP:conf/issac/2014,
  editor    = {Katsusuke Nabeshima and
               Kosaku Nagasaka and
               Franz Winkler and
               {\'{A}}gnes Sz{\'{a}}nt{\'{o}}},
  title     = {International Symposium on Symbolic and Algebraic Computation, {ISSAC}
               '14, Kobe, Japan, July 23-25, 2014},
  publisher = {{ACM}},
  year      = {2014},
  url       = {http://dl.acm.org/citation.cfm?id=2608628},
  isbn      = {978-1-4503-2501-1},
  timestamp = {Wed, 02 Jul 2014 09:52:14 +0200},
  biburl    = {https://dblp.org/rec/bib/conf/issac/2014},
  bibsource = {dblp computer science bibliography, https://dblp.org}
}

@article{DBLP:journals/jal/BenderFPSS05,
  author    = {Michael A. Bender and
               Martin Farach{-}Colton and
               Giridhar Pemmasani and
               Steven Skiena and
               Pavel Sumazin},
  title     = {Lowest common ancestors in trees and directed acyclic graphs},
  journal   = {J. Algorithms},
  volume    = {57},
  number    = {2},
  pages     = {75--94},
  year      = {2005},
  url       = {https://doi.org/10.1016/j.jalgor.2005.08.001},
  doi       = {10.1016/j.jalgor.2005.08.001},
  timestamp = {Sun, 28 May 2017 13:24:57 +0200},
  biburl    = {https://dblp.org/rec/bib/journals/jal/BenderFPSS05},
  bibsource = {dblp computer science bibliography, https://dblp.org}
}

@article{DBLP:journals/siamcomp/BerkmanV93,
  author    = {Omer Berkman and
               Uzi Vishkin},
  title     = {Recursive Star-Tree Parallel Data Structure},
  journal   = {{SIAM} J. Comput.},
  volume    = {22},
  number    = {2},
  pages     = {221--242},
  year      = {1993},
  url       = {https://doi.org/10.1137/0222017},
  doi       = {10.1137/0222017},
  timestamp = {Sat, 27 May 2017 14:22:58 +0200},
  biburl    = {https://dblp.org/rec/bib/journals/siamcomp/BerkmanV93},
  bibsource = {dblp computer science bibliography, https://dblp.org}
}

@inproceedings{DBLP:conf/cpm/FischerH06,
  author    = {Johannes Fischer and
               Volker Heun},
  title     = {Theoretical and Practical Improvements on the RMQ-Problem, with Applications
               to {LCA} and {LCE}},
  booktitle = {Combinatorial Pattern Matching, 17th Annual Symposium, {CPM} 2006,
               Barcelona, Spain, July 5-7, 2006, Proceedings},
  pages     = {36--48},
  year      = {2006},
  crossref  = {DBLP:conf/cpm/2006},
  url       = {https://doi.org/10.1007/11780441\_5},
  doi       = {10.1007/11780441\_5},
  timestamp = {Fri, 02 Jun 2017 13:01:07 +0200},
  biburl    = {https://dblp.org/rec/bib/conf/cpm/FischerH06},
  bibsource = {dblp computer science bibliography, https://dblp.org}
}
@proceedings{DBLP:conf/cpm/2006,
  editor    = {Moshe Lewenstein and
               Gabriel Valiente},
  title     = {Combinatorial Pattern Matching, 17th Annual Symposium, {CPM} 2006,
               Barcelona, Spain, July 5-7, 2006, Proceedings},
  series    = {Lecture Notes in Computer Science},
  volume    = {4009},
  publisher = {Springer},
  year      = {2006},
  url       = {https://doi.org/10.1007/11780441},
  doi       = {10.1007/11780441},
  isbn      = {3-540-35455-7},
  timestamp = {Fri, 02 Jun 2017 13:01:07 +0200},
  biburl    = {https://dblp.org/rec/bib/conf/cpm/2006},
  bibsource = {dblp computer science bibliography, https://dblp.org}
}


@article{DBLP:journals/ijcga/ChazelleR91,
  author    = {Bernard Chazelle and
               Burton Rosenberg},
  title     = {The complexity of computing partial sums off-line},
  journal   = {Int. J. Comput. Geometry Appl.},
  volume    = {1},
  number    = {1},
  pages     = {33--45},
  year      = {1991},
  url       = {https://doi.org/10.1142/S0218195991000049},
  doi       = {10.1142/S0218195991000049},
  timestamp = {Sat, 27 May 2017 14:24:51 +0200},
  biburl    = {https://dblp.org/rec/bib/journals/ijcga/ChazelleR91},
  bibsource = {dblp computer science bibliography, https://dblp.org}
}

@article{GreenR52,
title={On semi-groups in which $x^r = x$},
volume={48}, DOI={10.1017/S0305004100027341},
number={1},
journal={Mathematical Proceedings of the Cambridge Philosophical Society},
publisher={Cambridge University Press},
author={Green, J. A. and Rees, D.},
year={1952},
pages={35â€“40}}

@inproceedings{DBLP:conf/latin/BenderF00,
  author    = {Michael A. Bender and Martin Farach{-}Colton},
  title     = {The {LCA} Problem Revisited},
  booktitle = {{LATIN} 2000: Theoretical Informatics, 4th Latin American Symposium,
               Punta del Este, Uruguay, April 10-14, 2000, Proceedings},
  pages     = {88--94},
  year      = {2000},
}

@proceedings{DBLP:conf/latin/2000,
  editor    = {Gaston H. Gonnet and
               Daniel Panario and
               Alfredo Viola},
  title     = {{LATIN} 2000: Theoretical Informatics, 4th Latin American Symposium,
               Punta del Este, Uruguay, April 10-14, 2000, Proceedings},
  series    = {Lecture Notes in Computer Science},
  volume    = {1776},
  publisher = {Springer},
  year      = {2000},
  url       = {https://doi.org/10.1007/10719839},
  doi       = {10.1007/10719839},
  isbn      = {3-540-67306-7},
  timestamp = {Wed, 24 May 2017 15:40:44 +0200},
  biburl    = {https://dblp.org/rec/bib/conf/latin/2000},
  bibsource = {dblp computer science bibliography, https://dblp.org}
}

@book{DBLP:books/daglib/0028687,
  author    = {Stasys Jukna},
  title     = {Boolean Function Complexity - Advances and Frontiers},
  series    = {Algorithms and combinatorics},
  volume    = {27},
  publisher = {Springer},
  year      = {2012},
  url       = {https://doi.org/10.1007/978-3-642-24508-4},
  doi       = {10.1007/978-3-642-24508-4},
  isbn      = {978-3-642-24507-7},
  timestamp = {Tue, 16 May 2017 14:01:34 +0200},
  biburl    = {https://dblp.org/rec/bib/books/daglib/0028687},
  bibsource = {dblp computer science bibliography, https://dblp.org}
}

@article{DBLP:journals/spe/Fenwick94,
  author    = {Peter M. Fenwick},
  title     = {A New Data Structure for Cumulative Frequency Tables},
  journal   = {Softw., Pract. Exper.},
  volume    = {24},
  number    = {3},
  pages     = {327--336},
  year      = {1994},
  url       = {https://doi.org/10.1002/spe.4380240306},
  doi       = {10.1002/spe.4380240306},
  timestamp = {Sun, 28 May 2017 13:24:02 +0200},
  biburl    = {https://dblp.org/rec/bib/journals/spe/Fenwick94},
  bibsource = {dblp computer science bibliography, https://dblp.org}
}

@TECHREPORT{Alon87optimalpreprocessing,
    author = {Noga Alon and Baruch Schieber},
    title = {Optimal preprocessing for answering on-line product queries},
    institution = {},
    year = {1987}
}

@inproceedings{DBLP:conf/stoc/Yao82,
  author    = {Andrew Chi{-}Chih Yao},
  title     = {Space-Time Tradeoff for Answering Range Queries (Extended Abstract)},
  booktitle = {Proceedings of the 14th Annual {ACM} Symposium on Theory of Computing,
               May 5-7, 1982, San Francisco, California, {USA}},
  pages     = {128--136},
  year      = {1982},
  crossref  = {DBLP:conf/stoc/STOC14},
  url       = {http://doi.acm.org/10.1145/800070.802185},
  doi       = {10.1145/800070.802185},
  timestamp = {Sun, 21 May 2017 00:22:29 +0200},
  biburl    = {https://dblp.org/rec/bib/conf/stoc/Yao82},
  bibsource = {dblp computer science bibliography, https://dblp.org}
}
@proceedings{DBLP:conf/stoc/STOC14,
  editor    = {Harry R. Lewis and
               Barbara B. Simons and
               Walter A. Burkhard and
               Lawrence H. Landweber},
  title     = {Proceedings of the 14th Annual {ACM} Symposium on Theory of Computing,
               May 5-7, 1982, San Francisco, California, {USA}},
  publisher = {{ACM}},
  year      = {1982},
  url       = {http://doi.acm.org/10.1145/800070},
  doi       = {10.1145/800070},
  isbn      = {0-89791-067-2},
  timestamp = {Sun, 21 May 2017 00:22:29 +0200},
  biburl    = {https://dblp.org/rec/bib/conf/stoc/STOC14},
  bibsource = {dblp computer science bibliography, https://dblp.org}
}

@book{1969_graph_theory_harary,
    AUTHOR = {Harary, Frank},
     TITLE = {Graph theory},
 PUBLISHER = {Addison-Wesley},
      YEAR = {1969}
}

@inproceedings{mokhov2017algebraic,
  title={Algebraic graphs with class (functional pearl)},
  author={Mokhov, Andrey},
  booktitle={Proceedings of the 10th ACM SIGPLAN International Symposium on Haskell},
  pages={2--13},
  year={2017},
  organization={ACM}
}

@article{mokhov2014algebra,
  title={Algebra of parameterised graphs},
  author={Mokhov, Andrey and Khomenko, Victor},
  journal={ACM Transactions on Embedded Computing Systems (TECS)},
  volume={13},
  number={4s},
  pages={143},
  year={2014},
  publisher={ACM}
}

@inproceedings{Williams14,
  author    = {Ryan Williams},
  title     = {Faster all-pairs shortest paths via circuit complexity},
  booktitle = {Symposium on Theory of Computing, {STOC} 2014, New York, NY, USA,
               May 31 - June 03, 2014},
  pages     = {664--673},
  year      = {2014},
  url       = {http://doi.acm.org/10.1145/2591796.2591811},
  doi       = {10.1145/2591796.2591811},
  timestamp = {Wed, 29 Mar 2017 16:45:26 +0200},
}

@article{Jukna16,
  author    = {Stasys Jukna},
  title     = {Tropical Complexity, Sidon Sets, and Dynamic Programming},
  journal   = {{SIAM} J. Discrete Math.},
  volume    = {30},
  number    = {4},
  pages     = {2064--2085},
  year      = {2016},
  url       = {https://doi.org/10.1137/16M1064738},
  doi       = {10.1137/16M1064738},
  timestamp = {Fri, 26 May 2017 22:54:47 +0200},
  biburl    = {https://dblp.org/rec/bib/journals/siamdm/Jukna16},
  bibsource = {dblp computer science bibliography, https://dblp.org}
}

@book{butkovic10systems,
  author    = {Peter Butkovi\v{c}},
  title     = {Max-linear Systems: Theory and Algorithms},
  publisher   = {Springer},
  year      = {2010},
}

@article{GrigorievP15,
  author    = {Dima Grigoriev and
               Vladimir V. Podolskii},
  title     = {Complexity of Tropical and Min-plus Linear Prevarieties},
  journal   = {Computational Complexity},
  volume    = {24},
  number    = {1},
  pages     = {31--64},
  year      = {2015},
  url       = {https://doi.org/10.1007/s00037-013-0077-5},
  doi       = {10.1007/s00037-013-0077-5},
  timestamp = {Sun, 28 May 2017 13:19:16 +0200},
  biburl    = {https://dblp.org/rec/bib/journals/cc/GrigorievP15},
  bibsource = {dblp computer science bibliography, https://dblp.org}
}

@article{AkianGG12,
  author    = {Marianne Akian and
               St{\'{e}}phane Gaubert and
               Alexander E. Guterman},
  title     = {Tropical Polyhedra are Equivalent to mean Payoff Games},
  journal   = {{IJAC}},
  volume    = {22},
  number    = {1},
  year      = {2012},
  url       = {https://doi.org/10.1142/S0218196711006674},
  doi       = {10.1142/S0218196711006674},
  timestamp = {Sun, 28 May 2017 13:23:53 +0200},
  biburl    = {https://dblp.org/rec/bib/journals/ijac/AkianGG12},
  bibsource = {dblp computer science bibliography, https://dblp.org}
}

@inproceedings{DBLP:conf/focs/FischerM71,
  author    = {Michael J. Fischer and Albert R. Meyer},
  title     = {Boolean Matrix Multiplication and Transitive Closure},
  booktitle = {12th Annual Symposium on Switching and Automata Theory, East Lansing,
               Michigan, USA, October 13-15, 1971},
  pages     = {129--131},
  publisher = {{IEEE} Computer Society},
  year      = {1971},
  url       = {https://doi.org/10.1109/SWAT.1971.4},
  doi       = {10.1109/SWAT.1971.4}
}

@article{Itai_Rodeh_siam,
author = {Itai, Alon and Rodeh, Michael},
title = {Finding a Minimum Circuit in a Graph},
journal = {SIAM Journal on Computing},
volume = {7},
number = {4},
pages = {413-423},
year = {1978},
doi = {10.1137/0207033}
}

@inproceedings{Williams2009TriangleDV,
  title={Triangle Detection Versus Matrix Multiplication : A Study of Truly Subcubic Reducibility},
  author={Virginia Vassilevska Williams and Ryan Williams},
  year={2009}
}